@article{AL17,
	Adsnote = {Provided by the SAO/NASA Astrophysics Data System},
	Adsurl = {https://ui.adsabs.harvard.edu/abs/2017arXiv170701216A},
	Archiveprefix = {arXiv},
	Author = {{Anas Hahn}, Marvin and {Li}, Binglin},
	Eid = {arXiv:1707.01216},
	Eprint = {1707.01216},
	Journal = {arXiv e-prints},
	Keywords = {Mathematics - Algebraic Geometry, Mathematics - Combinatorics, 14T05, 14D06, 14D20 (Primary), 20E42, 20G25, 52B99, 14G35 (Secondary)},
	Month = {Jul},
	Pages = {arXiv:1707.01216},
	Primaryclass = {math.AG},
	Title = {{Mustafin varieties, moduli spaces and tropical geometry}},
	Year = {2017}}
	
	@article{Li18,
	Author = {Li, Binglin},
	Date-Added = {2019-04-06 14:08:48 +0200},
	Date-Modified = {2019-04-06 14:09:23 +0200},
	Doi = {10.1093/imrn/rnx003},
	Fjournal = {International Mathematics Research Notices. IMRN},
	Issn = {1073-7928},
	Journal = {Int. Math. Res. Not. IMRN},
	Mrclass = {14E05 (14D06)},
	Mrnumber = {3829180},
	Mrreviewer = {Lei Zhang},
	Number = {13},
	Pages = {4190--4228},
	Title = {Images of rational maps of projective spaces},
	Url = {https://mathscinet.ams.org/mathscinet-getitem?mr=3829180},
	Year = {2018},
	Bdsk-Url-1 = {https://mathscinet.ams.org/mathscinet-getitem?mr=3829180}}
